
@Article{	  deroba2013,
  author	= {Jonathan J. Deroba AND Amy M. Schueller},
  journal	= {Fish Res},
  number	= {0},
  pages		= {27--40},
  title		= {Performance of stock assessments with misspecified age-
		  and time-varying natural mortality},
  volume	= {146},
  year		= {2013}
}

@Article{	  fournier2012,
  author	= {Fournier, David A and Skaug, Hans J and Ancheta, Johnoel
		  and Ianelli, James and Magnusson, Arni and Maunder, Mark N
		  and Nielsen, Anders and Sibert, John},
  title		= {AD Model Builder: using automatic differentiation for
		  statistical inference of highly parameterized complex
		  nonlinear models},
  journal	= {Optim Methods \& Soft},
  volume	= {27},
  pages		= {233--249},
  number	= {2},
  year		= {2012}
}

@Article{	  gelman2002,
  author	= {Gelman, A and Pasarica, C and Dodhia, R},
  journal	= {Am Stat},
  number	= {2},
  pages		= {121--130},
  title		= {Lets practice what we preach: Turning tables into graphs},
  volume	= {56},
  year		= {2002}
}

@Article{	  hilborn1987,
  author	= {Hilborn, Ray and Walters, Carl J.},
  journal	= {Can J Fish Aquat Sci},
  number	= {7},
  pages		= {1366-1369},
  title		= {A general model for simulation of stock and fleet dynamics
		  in spatially heterogeneous fisheries},
  volume	= {44},
  year		= {1987}
}

@Book{		  hilborn1992,
  author	= {R W Hilborn and Carl Walters},
  publisher	= {Chapman and Hall},
  title		= {Quantitative Fisheries Stock Assessment: Choice, Dynamics,
		  and Uncertainty},
  address	= {London},
  year		= {1992}
}

@Article{	  hilborn2003,
  author	= {Hilborn, Ray},
  journal	= {Sci Mar},
  pages		= {15--20},
  title		= {The state of the art in stock assessment: where we are and
		  where we are going},
  volume	= {67},
  year		= {2003}
}

@TechReport{	  hill2012,
  address	= {7700 NE Ambassador Place, Portland, OR 97220, USA},
  author	= {Hill, K. T. AND Crone, P. R. AND Lo, N. C. H. AND Demer,
		  D. A. AND Zwolinski, J. P. AND Macewicz, B. J.},
  institution	= {Pacific Fishery Management Council},
  title		= {Assessment of the {Pacific} sardine resource in 2012 for
		  {U.S.} management in 2013},
  year		= {2012}
}

@Article{	  hillary2009,
  author	= {Hillary, Richard},
  journal	= {Aquat Living Resour},
  pages		= {225--232},
  title		= {An introduction to {FLR} fisheries simulation tools},
  volume	= {22},
  year		= {2009}
}

@Article{	  ianelli2002,
  author	= {Ianelli, James N.},
  journal	= {N Am J Fish Manage},
  number	= {1},
  pages		= {301-310},
  title		= {Simulation analyses testing the robustness of productivity
		  determinations from {West Coast} {Pacific} ocean perch
		  Stock Assessment Data},
  volume	= {22},
  year		= {2002}
}

@Article{	  jiao2012,
  author	= {Jiao, Yan and Smith, Eric P. and O'Reilly, Rob and Orth,
		  Donald J.},
  journal	= {ICES J Mar Sci},
  number	= {1},
  pages		= {105-118},
  title		= {Modelling non-stationary natural mortality in catch-at-age
		  models},
  volume	= {69},
  year		= {2012}
}

@Article{	  johnson2013,
  author	= {Kelli F. Johnson AND Cole C. Monnahan AND Carey R.
		  McGilliard AND Katyana A. Vert-pre AND Sean C. Anderson AND
		  Curry J. Cunningham AND Felipe Hurtado-Ferro AND Roberto
		  Licandeo AND Melissa Muradian AND Kotaro Ono AND Cody S.
		  Szuwalski AND Juan L. Valero AND Athol R. Whitten AND Andre
		  E. Punt },
  journal	= {In review at ICES J Mar Sci},
  title		= {Time-varying natural mortality in fisheries stock
		  assessment models: identifying a default approach},
  year		= {2013}
}

@Article{	  kell2007,
  author	= {L. T Kell and I Mosqueira and P Grosjean and J-M Fromentin
		  and D Garcia and R Hillary and E Jardim and S Mardle and M.
		  A Pastoors and J. J Poos and F Scott and R. D Scott},
  journal	= {ICES J Mar Sci},
  number	= {4},
  pages		= {640--646},
  title		= {{FLR}: an open-source framework for the evaluation and
		  development of management strategies},
  volume	= {64},
  year		= {2007}
}

@Article{	  lee2011,
  author	= {Hui-Hua Lee and Mark N. Maunder and Kevin R. Piner and
		  Richard D. Methot},
  journal	= {Fish Res},
  number	= {1},
  pages		= {89--94},
  title		= {Estimating natural mortality within a fisheries stock
		  assessment model: An evaluation using simulation analysis
		  based on twelve stock assessments},
  volume	= {109},
  year		= {2011}
}

@Article{	  lee2012,
  author	= {Hui-Hua Lee and Mark N. Maunder and Kevin R. Piner and
		  Richard D. Methot},
  journal	= {Fish Res},
  number	= {0},
  pages		= {254 - 261},
  title		= {Can steepness of the stock-recruitment relationship be
		  estimated in fishery stock assessment models?},
  volume	= {125--126},
  year		= {2012}
}

@Book{		  linhart1986,
  address	= {New York},
  author	= {H Linhart AND W Zucchini},
  publisher	= {John Wiley},
  title		= {Model Selection},
  year		= {1986}
}

@Article{	  maunder2013,
  author	= {Maunder, Mark N and Punt, Andr{\'e} E.},
  journal	= {Fish Res},
  number	= {0},
  pages		= {61--74},
  title		= {A review of integrated analysis in fisheries stock
		  assessment},
  volume	= {142},
  year		= {2013}
}

@Article{	  methot2011,
  author	= {Methot, Richard D. and Taylor, Ian G.},
  title		= {Adjusting for bias due to variability of estimated
		  recruitments in fishery assessment models},
  journal	= {Can J Fish Aquat Sci},
  volume	= {68},
  number	= {10},
  pages		= {1744-1760},
  year		= {2011}
}

@Article{	  methot2013,
  author	= {Methot, Jr, Richard D and Wetzel, Chantell R},
  title		= {{Stock Synthesis}: A biological and statistical framework
		  for fish stock assessment and fishery management},
  journal	= {Fish Res},
  year		= {2013},
  volume	= {142},
  number	= {0},
  pages		= {86--99}
}

@Article{	  ono2013,
  author	= {Kotaro Ono AND Roberto Licandeo AND Melissa Muradian AND
		  Curry J. Cunningham AND Sean C. Anderson AND Felipe
		  Hurtado-Ferro AND Kelli F. Johnson AND Carey R. McGilliard
		  AND Cole C. Monnahan AND Cody S. Szuwalski AND Juan L.
		  Valero AND Katyana A. Vert-pre AND Athol R. Whitten AND
		  Andre E. Punt},
  journal	= {In review at ICES J Mar Sci},
  title		= {The importance of length and age composition data in
		  statistical catch-at-age models for marine species},
  year		= {2013}
}

@Article{	  peterman2004,
  author	= {Randall Peterman},
  journal	= {ICES J Mar Sci},
  number	= {8},
  pages		= {1331--1343},
  title		= {Possible solutions to some challenges facing fisheries
		  scientists and managers},
  volume	= {61},
  year		= {2004}
}

@Article{	  piner2011,
  author	= {Piner, Kevin R and Lee, Hui-Hua and Maunder, Mark N and
		  Methot, Richard D},
  journal	= {Mar Coast Fish},
  number	= {1},
  pages		= {336--343},
  title		= {A simulation-based method to determine model
		  misspecification: examples using natural mortality and
		  population dynamics models},
  volume	= {3},
  year		= {2011}
}

@Article{	  punt1997,
  author	= {AE Punt and R W Hilborn},
  journal	= {Rev Fish Biol Fisheries},
  number	= {1},
  pages		= {35--63},
  title		= {Fisheries stock assessment and decision analysis: The
		  {Bayesian} approach},
  volume	= {7},
  year		= {1997}
}

@Article{	  punt2012,
  author	= {Punt, Andr{\'e} E. and Maunder, Mark N},
  title		= {Stock Synthesis: Advancing stock assessment application
		  and research through the use of a general stock assessment
		  computer program},
  journal	= {Fish Res},
  year		= {2012},
  volume	= {142},
  number	= {0},
  pages		= {1--2}
}

@Manual{	  r4ss2013,
  title		= {r4ss: R code for Stock Synthesis},
  author	= {Ian Taylor and Ian Stewart and Allan Hicks and Tommy
		  Garrison and Andre Punt and John Wallace and Chantel
		  Wetzel},
  year		= {2013},
  note		= {R package version 1.20},
  url		= {http://code.google.com/p/r4ss/}
}

@Manual{	  rcoreteam2013,
  title		= {R: A Language and Environment for Statistical Computing},
  author	= {{R Core Team}},
  organization	= {R Foundation for Statistical Computing},
  address	= {Vienna, Austria},
  year		= {2013},
  url		= {http://www.R-project.org/}
}

@Article{	  rosenberg1994,
  author	= {Rosenberg, Andrew A. and Restrepo, Victor R.},
  journal	= {Can J Fish Aquat Sci},
  number	= {12},
  pages		= {2715-2720},
  title		= {Uncertainty and Risk Evaluation in Stock Assessment Advice
		  for {U.S.} Marine Fisheries},
  volume	= {51},
  year		= {1994}
}

@Manual{	  rstudio2011,
  title		= {manipulate: Interactive Plots for RStudio},
  author	= {{RStudio}},
  year		= {2011},
  note		= {R package version 0.97.449}
}

@Book{		  wickham2009,
  author	= {Hadley Wickham},
  title		= {ggplot2: elegant graphics for data analysis},
  publisher	= {Springer New York},
  year		= {2009},
  url		= {http://had.co.nz/ggplot2/book}
}
